%LEIDOS

@book{fernandez2013security,
  title={Security patterns in practice: designing secure architectures using software patterns},
  author={Fernandez-Buglioni, Eduardo},
  year={2013},
  publisher={John Wiley \& Sons}
}

@techreport{EvoBrowSecNSS,
    author    = {Abrams, R.},
    title     = {Evolutions in Browser Security: Trends in Browser Security Performance},
    institution = {NSS Labs},
    year      = {2013}
},


@article{browSecPhish,
    author    = {Abrams, R., Barrera, O., Pathak, J.},
    title     = {Browser Security Comparative Analysis: Phishing Protection},
    institution = {NSS Labs},
    year      = {2013}
},

@misc{interCoursera,
    author    = {Mike Hicks},
    title     = {Interview to \textbf{Kevin Haley} (from \textbf{Symantec})},
    year     = {2014},
    note 	= {Mike Hicks (Profesor of Software Security course in Coursera.org)}
}

@article{browSecPrivSett,
    author    = {Abrams, R., Pathak, J.},
    title     = {Browser Security Comparative Analysis: Privacy Settings},
    institution = {NSS Labs},
    year      = {2013}
},

@article{rowSecSEMBlock,
    author    = {Abrams, Randy and Pathak, Jayendra and Barrera, Orlando},
    title     = {{Browser Security Comparative Analysis: Socially Engineered Malware Blocking}},
    institution = {NSS Labs},
    year      = {2014}
},

@article{Abrams2013,
author = {Abrams, Randy and Pathak, Jayendra and Barrera, Orlando},
institution = {NSS Labs},
title = {{Browser Security Comparative Analysis: Socially Engineered Malware Blocking}},
year = {2013}
},

@book{bookWebAppSec,
  title={Web application security},
  author={Sullivan, Bryan and Liu, Vincent},
  year={2012},
  publisher={McGraw-Hill}
},

@misc{ieeecsd1,
    author    = "IEEE Cyber Security",
    title     = "IEEE Cyber Security y Center for Secure Design",
    url  = "http://cybersecurity.ieee.org/about.html"
},

@misc{ieeecsd2,
    author    = "IEEE Cyber Security",
    title     = "Avoiding the top 10 Security Flaws",
    url  = "http://cybersecurity.ieee.org/center-for-secure-design/avoiding-the-top-10-security-flaws.html"
},

@misc{socEngineeering,
    author    = "Talamantes, Jeremiah",
    title     = "The Social Engineer's Playbook",
    url  = "http://www.thesocialengineersplaybook.com/"
},

@misc{htmlSpec,
    author    = "W3C Working Group",
    title     = "HTML5 Specification",
    url  = "http://www.w3.org/TR/html5/"
},

@misc{cve,
    author    = "The MITRE Coporation",
    title     = "Common Vulnerabilities and Exposures",
    url  = "https://cve.mitre.org/about/terminology.html"
},

@misc{cert,
    author    = "Computer Emergency Response Team, Carnegie Mellon University",
    title     = "Early Identification Reduces Total Cost (Segment from CERT's Podcasts for Bussiness Leaders)",
    url  = "http://www.cert.org/podcasts/podcast_episode.cfm?episodeid=34820"
},

@misc{openSecArch,
    author    = "Open Security Architecture",
    title     = "Definitions by OSA",
    url  = "http://www.opensecurityarchitecture.org/cms/definitions"
},

@misc{w3c,
    author    = "World Wide Web Consortium - W3C",
    title     = "About",
    url  = "http://www.w3.org/Consortium/"
},

@misc{google,
    author    = "Google",
    title     = "Descripción General de Google",
    url  = "http://www.google.cl/intl/es-419/about/company/"
},

@book{alcorn2014browser,
  title={The Browser Hacker's Handbook},
  author={Alcorn, Wade and Frichot, Christian and Orr{\`u}, Michele},
  year={2014},
  publisher={John Wiley \& Sons}
}
%ex: webpag3
@misc{IEArch, 
      author = "Internet Explorer Architecture",
      url = "http://msdn.microsoft.com/en-us/library/aa741312(v=vs.85).aspx"
},

@misc{multiProcArchG,
    author    = "Google Chromium",
    title     = "Multi-process Architecture",
    url  = "https://www.chromium.org/developers/design-documents/multi-process-architecture"
},

@article{Avgeriou2003,
author = {Avgeriou, Paris},
issn = {15382990},
journal = {Enterprise Architect Journal},
keywords = {architectural design,evaluation software architecture,learning,management systems,quality attributes,reference architecture,software architecture},
number = {1},
pages = {347},
pmid = {22030843},
title = {{Describing, Instantiating and Evaluating a Reference Architecture: A Case Study}},
url = {http://www.ncbi.nlm.nih.gov/pubmed/21213183},
volume = {342},
year = {2003}
},

%todavia no se ha leido!!!
@article{Avgeriou2007,
doi = {10.1145/1281421.1281443},
issn = {01635948},
journal = {ACM SIGSOFT Software Engineering Notes},
number = {4},
pages = {41--46},
title = {{Architectural knowledge and rationale: issues, trends, challenges}},
url = {http://portal.acm.org/citation.cfm?doid=1281421.1281443},
volume = {32},
year = {2007}
},

@article{Avgeriou2005,
doi = {citeulike-article-id:2437545},
journal = {Information Systems Journal},
pages = {1--39},
title = {{Architectural Patterns Revisited–A Pattern}},
url = {http://citeseerx.ist.psu.edu/viewdoc/summary?doi=10.1.1.141.7444$\backslash$nhttp://www.cs.rug.nl/paris/papers/EPLOP05.pdf},
volume = {81},
year = {2005}
},



@misc{statBrow,
    author    = {StatCounter, Global Stats},
    title     = {Top 5 Desktop, Tablet and Console Browsers},
    url  = {http://gs.statcounter.com/},
    year={2015}
},

@misc{preprint-grosskurth-browser-archevol
,note={URL: {\tt http://grosskurth.ca/papers.html\#browser-archevol}. Note: submitted for publication}
,author={Alan Grosskurth and Michael W. Godfrey}
,title={{Architecture and evolution of the modern web browser}}
},

@inproceedings{2005-grosskurth-browser-refarch
,note={URL: {\tt http://grosskurth.ca/papers.html\#browser-refarch}}
,author={Alan Grosskurth and Michael W. Godfrey}
,pages={661--664}
,title={A reference architecture for web browsers}
,year={2005}
},

@misc{EvolutionofWeb,
  author = {Google Team},
  url = {http://www.evolutionoftheweb.com/},
  title = {Evolution of the Web}
},


% ====== NO LEIDOS AÚN =====
%Bus96 -> Patterns are encapsulated solutions to recurrent problems and define a way to express requirements and solutions concisely, as well as providing a communication vocabulary for designers [Bus96, Gam94]

@techreport{goertzel2007software,
  title={Software Security Assurance: A State-of-Art Report (SAR)},
  author={Goertzel, Karen M and Winograd, Theodore and McKinley, Holly L and Oh, Lyndon J and Colon, Michael and McGibbon, Thomas and Fedchak, Elaine and Vienneau, Robert},
  year={2007},
  institution={DTIC Document}
},

@misc{buschman1996system,
  title={A system of patterns: pattern-oriented software architecture},
  author={Buschman, Frank and Meunier, Regine and Rohnert, Hans and Sommerlad, Peter and Stal, Michael},
  year={1996},
  publisher={Wiley}
},

@INPROCEEDINGS{510107,
author={Raghavan, G.K. and Nair, K.R. and Horton, T.B. and France, R.B. and Larrondo-Petrie, M.M.},
booktitle={Southeastcon '96. Bringing Together Education, Science and Technology., Proceedings of the IEEE},
title={A domain model of WWW browsers},
year={1996},
month={April},
pages={436-439}
},

@INPROCEEDINGS{535061,
author={Larrondo-Petrie, M.M. and Nair, K.R. and Raghavan, G.K.},
booktitle={Southcon/96. Conference Record},
title={A domain analysis of Web browser architectures, languages and features},
year={1996},
month={Jun},
pages={168-174}
},


@book{Bass2012,
 author = {Bass, Len and Clements, Paul and Kazman, Rick},
 title = {Software Architecture in Practice},
 year = {2012},
 isbn = {0321815734, 9780321815736},
 edition = {3rd},
 publisher = {Addison-Wesley Professional},
},


@techreport{SymIntRep,
    author    = "Symantec",
    title     = "Symantec Intelligence Report, Febrary 2015",
    institution = "Symantec",
    year      = "2015"
}


@inproceedings{liu2012chrome,
  title={Chrome Extensions: Threat Analysis and Countermeasures},
  author={Liu, Lei and Zhang, Xinwen and Yan, Guanhua and Chen, Songqing},
  booktitle={NDSS},
  year={2012}
},

@misc{ThreatCapNSS,
    author    = "NSS Labs",
    title     = "NSS Labs Threat Capabilities Report: Analysis of Threat Trends, March 2015",
    year     = "2015"
}

@inproceedings{reis2009isolating,
  title={Isolating web programs in modern browser architectures},
  author={Reis, Charles and Gribble, Steven D},
  booktitle={Proceedings of the 4th ACM European conference on Computer systems},
  pages={219--232},
  year={2009},
  organization={ACM}
}


@misc{sansInstInfoSec,
    author    = "Phil Wallisch",
    title     = "Analysis of a Browser Exploitation Attempt",
    year     = "2007"
}

@techreport{secPattTechRepKienzle,
  title = {Final technical report: Security patterns for web application development},
  author = {Kienzle, Darrell M and Elder, Matthew C},
  institution = {DARPA, Washington DC},
  year = {2002}
},


@techreport{symantec,
    author    = "Symantec Security Response",
    title     = "2014 Internet Security Threat Report, Volume 19",
    institution = "Symantec",
    year      = "2014"
}


@techreport{symantecSecResponse,
    author    = "A special Report on Attacks on point-of-sales systems",
    title     = "2014 Internet Security Threat Report, Volume 19",
    institution = "Symantec",
    year      = "2014"
}


@inproceedings{varga2013evolution,
  title={The evolution of web browser architecture},
  author={Varga, Matija},
  booktitle={Proceedings in Scientific Conference},
  number={1},
  year={2013}
},

@article{utakrit2009review,
  title={Review of Browser Extensions, a Man-in-the-Browser Phishing Techniques Targeting Bank Customers},
  author={Utakrit, Nattakant},
  year={2009},
  publisher={Security Research Centre, School of Computer and Security Science, Edith Cowan University, Perth, Western Australia}
},


@inproceedings{silic2010security,
  title={Security vulnerabilities in modern web browser architecture},
  author={Silic, Marin and Krolo, Jakov and Delac, Goran},
  booktitle={MIPRO, 2010 Proceedings of the 33rd International Convention},
  pages={1240--1245},
  year={2010},
  organization={IEEE}
},

@inproceedings{dalai2011evaluation,
  title={Evaluation of web application security risks and secure design patterns},
  author={Dalai, Asish Kumar and Jena, Sanjay Kumar},
  booktitle={Proceedings of the 2011 International Conference on Communication, Computing \& Security},
  pages={565--568},
  year={2011},
  organization={ACM}
},


@inproceedings{hodges2010need,
  title={The Need For a Coherent Web Security Policy Framework},
  author={Hodges, Jeff and Steingruebl, Andy and others},
  year={2010},
  organization={Web}
},

@inproceedings{Li12,
author = {Li, Jun and Yu, Dongting and Maurer, L},
booktitle = {Computing, Networking and Communications (ICNC), 2012 International Conference on},
doi = {10.1109/ICCNC.2012.6167512},
keywords = {authorisation;online front-ends;DNS rebinding atta},
pages = {697--701},
title = {{A resource management approach to web browser security}},
year = {2012}
},

@article{Lwin2009,
author = {Lwin, N.N.Z.},
doi = {10.1109/ICAS.2009.44},
isbn = {978-1-4244-3684-2},
journal = {2009 Fifth International Conference on Autonomic and Autonomous Systems},
keywords = {Intelligent Web browser,Web agent,Web mining,information navigation,multi-agent,proxy agent},
title = {{Agent Based Web Browser}},
year = {2009}
},


@article{Rajab2013,
author = {Rajab, Ma and Ballard, Lucas and Lutz, N},
journal = {Proceedings of Annual \ldots},
title = {{CAMP: Content-agnostic malware protection}},
url = {http://citeseerx.ist.psu.edu/viewdoc/download?doi=10.1.1.295.6192\&rep=rep1\&type=pdf},
year = {2013}
},


@book{Crowley2010,
address = {Berkely, CA, USA},
author = {Crowley, Matthew},
edition = {1st},
file = {:home/paulina/.local/share/data/Mendeley Ltd./Mendeley Desktop/Downloaded/Crowley - 2010 - Pro Internet Explorer 8 \& 9 Development Developing Powerful Applications for The Next Generation of IE.pdf:pdf},
isbn = {1430228539, 9781430228530},
publisher = {Apress},
title = {{Pro Internet Explorer 8 \& 9 Development: Developing Powerful Applications for The Next Generation of IE}},
year = {2010}
}



@article{Shema,
author = {Shema, Mike},
title = {{Cases of JavaScript Misuse and How to Avoid Them}}
},

@incollection{Mao09,
author = {Mao, Ziqing and Li, Ninghui and Molloy, Ian},
booktitle = {Lecture Notes in Computer Science (including subseries Lecture Notes in Artificial Intelligence and Lecture Notes in Bioinformatics)},
doi = {10.1007/978-3-642-03549-4\_15},
editor = {Dingledine, Roger and Golle, Philippe},
isbn = {3642035485},
issn = {03029743},
keywords = {Browser security,Cross-site request forgery,Web security},
pages = {238--255},
publisher = {Springer Berlin Heidelberg},
series = {Lecture Notes in Computer Science},
title = {{Defeating cross-site request forgery attacks with browser-enforced authenticity protection}},
volume = {5628 LNCS},
year = {2009}
},

@article{Xia2005,
author = {Xia, Hiadong and Brustoloni, Jos\'{e} Carlos},
doi = {10.1145/1060745.1060817},
isbn = {1595930469},
issn = {1595930469},
journal = {Proceedings of the 14th international conference on World Wide Web - WWW '05},
keywords = {advance instruction,certificate,dle attack,eavesdropping attack,https,just-in-time instruction,man-in-the-mid-,password,safe staging,ssl,web browser,well-in-},
pages = {489--498},
title = {{Hardening Web browsers against man-in-the-middle and eavesdropping attacks}},
url = {http://portal.acm.org/citation.cfm?doid=1060745.1060817},
year = {2005}
},

@article{Dougan2012,
author = {Dougan, Timothy and Curran, Kevin},
doi = {10.4018/jaci.2012010103},
issn = {1941-6237},
journal = {International Journal of Ambient Computing and Intelligence},
keywords = {hacking,internet banking,man-in-the-browser,man-in-the-middle,security},
number = {1},
pages = {29--39},
title = {{Man in the Browser Attacks}},
volume = {4},
year = {2012}
},

@article{Summary2015,
author = {Summary, Executive and When, Know and Are, You and Risk, At},
number = {March},
title = {{NSS Labs Threat Capabilities Report}},
year = {2015}
},

@article{Devi,
author = {Devi, Dhruwajita and Pathak, Dhrubajyoti and Nandi, Sukumar},
journal = {Architecture},
title = {{Vulnerabilities in Web Browsers}}
},

@article{Harrison2007,
author = {Harrison, Neil B. and Avgeriou, Paris and Zdun, Uwe},
doi = {10.1109/MS.2007.124},
isbn = {0740-7459},
issn = {07407459},
journal = {IEEE Software},
keywords = {Architectural knowledge,Decision documentation,Design rationale,Patterns,Quality attributes,Software architecture},
number = {4},
pages = {38--45},
title = {{Using patterns to capture architectural decisions}},
volume = {24},
year = {2007}
},

@article{Submitted2014,
author = {Encina, Oscar},
title = {{Towards a Security Reference Architecture for Federated Inter-Cloud Systems}},
year = {2014}
},

@article{SymantecCorporation2015,
author = {{Symantec Corporation}},
number = {February},
title = {{Symantec Intelligence Report FEBRUARY 2015}},
year = {2015}
},

@article{Jansen2005,
author = {Jansen, a. and Bosch, J.},
doi = {10.1109/WICSA.2005.61},
isbn = {0-7695-2548-2},
journal = {5th Working IEEE/IFIP Conference on Software Architecture (WICSA'05)},
keywords = {Application software,Computer architecture,Computer industry,Connectors,Control systems,Costs,Electrical equipment industry,Software architecture,Software systems,Stress control},
pages = {109--120},
title = {{Software Architecture as a Set of Architectural Design Decisions}},
url = {http://ieeexplore.ieee.org/lpdocs/epic03/wrapper.htm?arnumber=1620096},
year = {2005}
},

@article{Godfrey2000,
author = {Godfrey, Michael W and Lee, Eric H S},
journal = {In Proc. of 2000 Intl. Symposium on Constructing software engineering tools (CoSET 2000},
keywords = {architecture\_recovery,reverse\_engineering,software\_architecture,software\_visualization},
pages = {15--23},
title = {{Secrets from the Monster: Extracting Mozilla's Software Architecture}},
url = {http://citeseerx.ist.psu.edu/viewdoc/summary?doi=10.1.1.42.9211},
year = {2000}
},

@article{Antonatos2008,
author = {Antonatos, Spiros},
doi = {10.1145/1455518.1455524.http},
isbn = {1-59593-518-5},
issn = {1094-9224},
journal = {ACM Transactions on Information and System Security},
keywords = {12,D.4.6 [Operating Systems]: Security and Protection,Experimentation,Measurement,Security,Web security,distributed attacks,malicious software},
number = {2},
pages = {1--38},
title = {{Puppetnets : Misusing Web Browsers as a Distributed Attack Infrastructure}},
volume = {12},
year = {2008}
},

@article{Saini2014,
author = {Saini, Anil and Gaur, Manoj Singh and Laxmi, Vijay},
keywords = {browser attacks,cyber attacks,ma-,script-based attacks},
pages = {257--276},
title = {{Privacy Leakage Attacks in Browsers}},
year = {2014}
},

@article{Wills1999,
author = {a.C. Wills and Cook, S. and Kleppe, A. and Mitchell, R. and Warmer, J.},
doi = {10.1167/7.9.852},
file = {:Users/pasilva/Mendeley-NewRef/formal-14-02-03.pdf:pdf},
isbn = {3826614453},
keywords = {QA 76 Software,computer programming},
number = {February},
title = {{Object Constraint Language}},
url = {http://kar.kent.ac.uk/21716/},
year = {1999}
},


@misc{gecko,
  title={Introduction to Layout in Mozilla},
  author={Mozilla Foundation},
  url = {https://developer.mozilla.org/en-US/docs/Introduction_to_Layout_in_Mozilla},
  year={2008}
},



%ADAM BARTH Y OTROS

@article{jackson2009protecting,
  title={Protecting browsers from DNS rebinding attacks},
  author={Jackson, Collin and Barth, Adam and Bortz, Andrew and Shao, Weidong and Boneh, Dan},
  journal={ACM Transactions on the Web (TWEB)},
  volume={3},
  number={1},
  pages={2},
  year={2009},
  publisher={ACM}
},

@misc{barth2008security,
  title={The Security Architecture of the Chromium browser},
  author={Barth, Adam and Jackson, Collin and Reis, Charles and TGC Team and others},
  journal={2010-11-18)[2011-7-12]. http://seclah. stanford. edu/websec/chromium},
  year={2008}
},

@inproceedings{barth2009attacks,
  title={Attacks on javascript mashup communication},
  author={Barth, Adam and Jackson, Collin and Li, William},
  booktitle={Proceedings of the Web},
  volume={2},
  year={2009},
  organization={Citeseer}
},

@article{reis2009browser,
  title={Browser security: lessons from Google Chrome},
  author={Reis, Charles and Barth, Adam and Pizano, Carlos},
  journal={Queue},
  volume={7},
  number={5},
  pages={3},
  year={2009},
  publisher={ACM}
},

@article{barth2009securing,
  title={Securing frame communication in browsers},
  author={Barth, Adam and Jackson, Collin and Mitchell, John C},
  journal={Communications of the ACM},
  volume={52},
  number={6},
  pages={83--91},
  year={2009},
  publisher={ACM}
},

@incollection{jackson2007evaluation,
  title={An evaluation of extended validation and picture-in-picture phishing attacks},
  author={Jackson, Collin and Simon, Daniel R and Tan, Desney S and Barth, Adam},
  booktitle={Financial Cryptography and Data Security},
  pages={281--293},
  year={2007},
  publisher={Springer}
},

@inproceedings{jackson2008beware,
  title={Beware of finer-grained origins},
  author={Jackson, Collin and Barth, Adam},
  year={2008},
  organization={Web}
},

@inproceedings{bates2010regular,
  title={Regular expressions considered harmful in client-side XSS filters},
  author={Bates, Daniel and Barth, Adam and Jackson, Collin},
  booktitle={Proceedings of the 19th international conference on World wide web},
  pages={91--100},
  year={2010},
  organization={ACM}
},

@inproceedings{barth2009cross,
  title={Cross-Origin JavaScript Capability Leaks: Detection, Exploitation, and Defense.},
  author={Barth, Adam and Weinberger, Joel and Song, Dawn},
  booktitle={USENIX security symposium},
  pages={187--198},
  year={2009}
},

@article{bortz2011origin,
  title={Origin cookies: Session integrity for web applications},
  author={Bortz, Andrew and Barth, Adam and Czeskis, Alexei},
  journal={Web 2.0 Security and Privacy (W2SP)},
  year={2011}
},

@inproceedings{jackson2008forcehttps,
  title={Forcehttps: protecting high-security web sites from network attacks},
  author={Jackson, Collin and Barth, Adam},
  booktitle={Proceedings of the 17th international conference on World Wide Web},
  pages={525--534},
  year={2008},
  organization={ACM}
},

@inproceedings{abarth2008robust,
  title={Robust defenses for cross-site request forgery},
  author={Barth, Adam and Jackson, Collin and Mitchell, John C},
  booktitle={Proceedings of the 15th ACM conference on Computer and communications security},
  pages={75--88},
  year={2008},
  organization={ACM}
},


@inproceedings{barth2010protecting,
  title={Protecting Browsers from Extension Vulnerabilities.},
  author={Barth, Adam and Felt, Adrienne Porter and Saxena, Prateek and Boodman, Aaron},
  booktitle={NDSS},
  year={2010},
  organization={Citeseer}
},

@inproceedings{barth2009secure,
  title={Secure content sniffing for web browsers, or how to stop papers from reviewing themselves},
  author={Barth, Adam and Caballero, Juan and Song, Dawn},
  booktitle={Security and Privacy, 2009 30th IEEE Symposium on},
  pages={360--371},
  year={2009},
  organization={IEEE}
},

@article{TerLuow2007,
author = {{Ter Luow}, M and Lim, J S and Venkatakrishnan, V N},
isbn = {0302-9743},
issn = {03029743},
journal = {Detection of Intrusions and Malware, and Vulnerability Assessment, Proceedings},
pages = {1--19},
title = {{Extensible web browser security}},
url = {<Go to ISI>://000248141700001},
volume = {4579},
year = {2007}
},

@article{Yoder1998,
author = {Yoder, J. and Yoder, J. and Barcalow, J. and Barcalow, J.},
journal = {Proceedings of PLoP 1997},
pages = {31},
title = {{Architectural patterns for enabling application security}},
url = {http://scholar.google.com/scholar?hl=en\&btnG=Search\&q=intitle:Architectural+patterns+for+enabling+application+security\#0},
volume = {51},
year = {1998}
},


%PAPERS PROFE EDUARDO

@inproceedings{fernandez2005uml,
  title={A UML-Based Methodology for Secure Systems: The Design Stage.},
  author={Fern{\'a}ndez, Eduardo B and Sorgente, Tami and Larrondo-Petrie, Mar{\'\i}a M},
  booktitle={WOSIS},
  pages={207--216},
  year={2005}
},

@inproceedings{ModMisusePatt, 
author={Fernandez, E.B. and Yoshioka, N. and Washizaki, H.}, 
booktitle={Availability, Reliability and Security, 2009. ARES '09. International Conference on}, 
title={Modeling Misuse Patterns}, 
year={2009}, 
month={March}, 
pages={566-571}, 
keywords={security of data;software quality;forensics data;misuse pattern modelling;security patterns;software quality;Availability;Computer science;Computer security;Data security;Forensics;Information security;National security;Pattern analysis;Performance analysis;Reliability engineering;Object-oriented design;UML models;security patterns;software security;system security}, 
doi={10.1109/ARES.2009.139},}

@article{yoshioka2008survey,
  title={A survey on security patterns},
  author={Yoshioka, Nobukazu and Washizaki, Hironori and Maruyama, Katsuhisa},
  journal={Progress in Informatics},
  volume={5},
  number={5},
  pages={35--47},
  year={2008}
}

@article{fernandez2011using,
  title={Using security patterns to develop secure systems},
  author={Fernandez, Eduardo B and Yoshioka, Nobukazu and Washizaki, Hironori and Jurjens, Jan and VanHilst, Michael and Pernul, Guenther},
  journal={Software Engineering for Secure Systems: Industrial and Research Perspectives},
  pages={16--31},
  year={2011}
},

@article{fernandez2001pattern,
  title={A pattern language for security models},
  author={Fernandez, Eduardo B and Pan, Rouyi},
  journal={proceedings of PLOP},
  volume={1},
  year={2001}
},

@incollection{fernandez2006defining,
  title={Defining security requirements through misuse actions},
  author={Fernandez, Eduardo B and VanHilst, Michael and Petrie, Maria M Larrondo and Huang, Shihong},
  booktitle={Advanced Software Engineering: Expanding the Frontiers of Software Technology},
  pages={123--137},
  year={2006},
  publisher={Springer US}
},

@article{Hashizume2014Reference,
author = {Hashizume, Keiko and Fernandez, Eduardo B and Larrondo-petrie, Maria M},
title = {{A reference architecturefor cloud computing. Submitted for publication.}},
year = {2014}
},


@inproceedings{braz2008eliciting,
  title={Eliciting security requirements through misuse activities},
  author={Braz, Fabricio A and Fernandez, Eduardo B and VanHilst, Michael},
  booktitle={Database and Expert Systems Application, 2008. DEXA'08. 19th International Workshop on},
  pages={328--333},
  year={2008},
  organization={IEEE}
},

@article{uzunov2015comprehensive,
  title={A comprehensive pattern-oriented approach to engineering security methodologies},
  author={Uzunov, Anton V and Falkner, Katrina and Fernandez, Eduardo B},
  journal={Information and Software Technology},
  volume={57},
  pages={217--247},
  year={2015},
  publisher={Elsevier}
},

@inproceedings{fernandez2004methodology,
  title={A Methodology for Secure Software Design.},
  author={Fernandez, Eduardo B},
  booktitle={Software Engineering Research and Practice},
  pages={130--136},
  year={2004}
},

@incollection{fernandez2007attack,
  title={Attack patterns: A new forensic and design tool},
  author={Fernandez, Eduardo and Pelaez, Juan and Larrondo-Petrie, Maria},
  booktitle={Advances in digital forensics III},
  pages={345--357},
  year={2007},
  publisher={Springer New York}
},

@inproceedings{fernandez2014security,
  title={A security reference architecture for cloud systems},
  author={Fernandez, Eduardo B and Monge, Raul and Hashizume, Keiko},
  booktitle={Proceedings of the WICSA 2014 Companion Volume},
  pages={3},
  year={2014},
  organization={ACM}
},


%Misuse Patterns


@article{encinamisuse,
  title={A misuse pattern for Denial-of-Service in federated Inter-Clouds},
  author={Encina, Oscar and Fernandez, Eduardo B and Monge, Ra{\'u}l},
  year = {2014}
},

@inproceedings{hashizume2011misuse,
  title={Misuse patterns for cloud computing},
  author={Hashizume, Keiko and Yoshioka, Nobukazu and Fernandez, Eduardo B},
  booktitle={Proceedings of the 2nd Asian Conference on Pattern Languages of Programs},
  pages={12},
  year={2011},
  organization={ACM}
},

@inproceedings{fernandez2010worm,
  title={A Worm misuse pattern},
  author={Fernandez, Eduardo B and Yoshioka, Nobukazu and Washizaki, Hironori},
  booktitle={Proceedings of the 1st Asian Conference on Pattern Languages of Programs},
  pages={2},
  year={2010},
  organization={ACM}
}

@inproceedings{munoz2011misuse,
  title={Misuse pattern: spoofing web services},
  author={Mu{\~n}oz-Arteaga, Jaime and Fernandez, Eduardo B and Caudel-Garc{\'\i}a, H{\'e}ctor},
  booktitle={Proceedings of the 2nd Asian Conference on Pattern Languages of Programs},
  pages={11},
  year={2011},
  organization={ACM}
},

@article{pelaez2009misuse,
  title={Misuse patterns in VoIP},
  author={Pelaez, Juan C and Fernandez, Eduardo B and Larrondo-Petrie, Maria M},
  journal={Security and Communication Networks},
  volume={2},
  number={6},
  pages={635--653},
  year={2009},
  publisher={Wiley Online Library}
},

@article{alkazimi2014,
  title={Cipher Suite Rollback: A Misuse Pattern for the SSL/TLS Client/Server Authentication Handshake Protocol},
  author={Alkazami, Ali and Fernandez, Eduardo B},
  year={2014}
},


@inproceedings{fernandez2012misuse,
  title={A Misuse Pattern for Retrieving Data from a Database Using SQL Injection},
  author={Fernandez, Eduardo B and Alder, Ernest and Bagley, Richard and Paghdar, Swati},
  booktitle={BioMedical Computing (BioMedCom), 2012 ASE/IEEE International Conference on},
  pages={127--131},
  year={2012},
  organization={IEEE}
},





%Referencias desde Profe Eduardo


@article{yoshioka2006development,
  title={A development method based on security patterns},
  author={Yoshioka, N},
  journal={Presentation, NII, Tokyo},
  year={2006}
},

@inproceedings{yoshioka2007integration,
  title={Integration of attack patterns and protective patterns},
  author={Yoshioka, Nobukazu},
  booktitle={1st International Workshop on Software Patterns and Quality (SPAQu’07)},
  pages={45},
  year={2007}
},

@inproceedings{okubo2008web,
  title={Web security patterns for analysis and design},
  author={Okubo, Takao and Tanaka, Hidehiko},
  booktitle={Proceedings of the 15th Conference on Pattern Languages of Programs},
  pages={25},
  year={2008},
  organization={ACM}
},

@article{VanHilst2009,
author = {VanHilst, Michael and Fernandez, Eduardo B. and Braz, Fabr\'{\i}cio},
doi = {10.1093/bioinformatics/btn381},
isbn = {1443458X},
issn = {1443458X},
journal = {Journal of Research and Practice in Information Technology},
number = {2},
pages = {87--97},
pmid = {43387350},
title = {{A multi-dimensional classification for users of security patterns}},
volume = {41},
year = {2009}
},





%PROFE RAUL - REVISAR!!!

@techreport{Accuvant11,
	Author = {Joshua J. Drake and Paul Mehta and Charlie Miller and Shawn Moyer and Ryan Smith and Chris Valasek},
	Date-Added = {2014-10-12 12:57:50 +0000},
	Date-Modified = {2014-10-13 20:26:35 +0000},
	Institution = {Accuvant Labs},
	Month = {December},
	Title = {Browser Security Comparison: A Quantitative Approach},
	Year = {2011}
},

@article{Hardy88,
	Acmid = {871709},
	Address = {New York, NY, USA},
	Author = {Hardy, Norm},
	Date-Added = {2014-10-12 13:36:59 +0000},
	Date-Modified = {2014-10-12 13:37:19 +0000},
	Issn = {0163-5980},
	Issue_Date = {Oct. 1988},
	Journal = {SIGOPS Oper. Syst. Rev.},
	Month = oct,
	Number = {4},
	Numpages = {3},
	Pages = {36--38},
	Publisher = {ACM},
	Title = {The Confused Deputy: (or Why Capabilities Might Have Been Invented)},
	Volume = {22},
	Year = {1988}
  },


@inproceedings{Li12,
	Author = {Jun Li and Dongting Yu and Maurer, L.},
	Booktitle = {Computing, Networking and Communications (ICNC), 2012 International Conference on},
	Date-Added = {2014-10-12 13:31:32 +0000},
	Date-Modified = {2014-10-12 13:31:45 +0000},
	Doi = {10.1109/ICCNC.2012.6167512},
	Month = {Jan},
	Pages = {697-701},
	Title = {A resource management approach to web browser security},
	Year = {2012}
},


@inproceedings{Carlini12,
	Acmid = {2362800},
	Address = {Berkeley, CA, USA},
	Author = {Carlini, Nicholas and Felt, Adrienne Porter and Wagner, David},
	Booktitle = {Proceedings of the 21st USENIX Conference on Security Symposium},
	Date-Added = {2014-10-12 13:22:00 +0000},
	Date-Modified = {2014-10-12 13:22:19 +0000},
	Location = {Bellevue, WA},
	Numpages = {1},
	Pages = {7--7},
	Publisher = {USENIX Association},
	Series = {Security'12},
	Title = {An Evaluation of the Google Chrome Extension Security Architecture},
	Year = {2012}
	},


@techreport{Zalewsk08,
	Author = {Michal Zalewsk},
	Date-Added = {2014-10-11 21:36:49 +0000},
	Date-Modified = {2014-10-13 20:56:42 +0000},
	Institution = {Google},
	Title = {Browser Security Handbook, part 2},
	Type = {Web page},
	Url = {https://code.google.com/p/browsersec/wiki/Part2#Same-origin_policy},
	Year = {2008}
   },

@techreport{W3C-SOP,
	Author = {W3C},
	Date-Added = {2014-10-11 21:30:03 +0000},
	Date-Modified = {2014-10-13 20:41:50 +0000},
	Institution = {W3C},
	Keywords = {SOP},
	Month = {January},
	Title = {Same Origin Policy},
	Type = {Web page},
	Url = {https://www.w3.org/Security/wiki/Same_Origin_Policy},
	Year = {2010}
  },





%Quizas no ocuparé







@inproceedings{Dalai11,
  Acmid = {1948057},
  Address = {New York, NY, USA},
  Author = {Dalai, Asish Kumar and Jena, Sanjay Kumar},
  Booktitle = {Proceedings of the 2011 International Conference on Communication, Computing \& Security},
  Date-Added = {2014-10-12 12:39:36 +0000},
  Date-Modified = {2014-10-13 20:29:41 +0000},
  Doi = {10.1145/1947940.1948057},
  Isbn = {978-1-4503-0464-1},
  Keywords = {design patterns, security patterns, web application security risks},
  Location = {Rourkela, Odisha, India},
  Numpages = {4},
  Pages = {565--568},
  Publisher = {ACM},
  Series = {ICCCS '11},
  Title = {Evaluation of Web Application Security Risks and Secure Design Patterns},
  Year = {2011}
  },

@inproceedings{Du11,
  Acmid = {2073285},
  Address = {New York, NY, USA},
  Author = {Du, Wenliang and Jayaraman, Karthick and Tan, Xi and Luo, Tongbo and Chapin, Steve},
  Booktitle = {Proceedings of the 2011 Workshop on New Security Paradigms Workshop},
  Date-Added = {2014-10-12 12:19:17 +0000},
  Date-Modified = {2014-10-12 12:19:40 +0000},
  Doi = {10.1145/2073276.2073285},
  Isbn = {978-1-4503-1078-9},
  Keywords = {access control, browser, web security, web server},
  Location = {Marin County, California, USA},
  Numpages = {12},
  Pages = {83--94},
  Publisher = {ACM},
  Series = {NSPW '11},
  Title = {Position Paper: Why Are There So Many Vulnerabilities in Web Applications?},
  Year = {2011}
  },


@inproceedings{Johnson13,
  Author = {Johnson, B. and Yoonki Song and Murphy-Hill, E. and Bowdidge, R.},
  Booktitle = {Software Engineering (ICSE), 2013 35th International Conference on},
  Date-Added = {2014-10-12 12:04:37 +0000},
  Date-Modified = {2014-10-12 12:04:49 +0000},
  Doi = {10.1109/ICSE.2013.6606613},
  Keywords = {interactive systems;program debugging;program diagnostics;software quality;automatic code inspection;bug detection;false positives;interactive mechanism;software defects;software development;software engineering;static analysis tools;Companies;Computer bugs;Encoding;Interviews;Software;Standards;Teamwork},
  Month = {May},
  Pages = {672-681},
  Title = {Why don't software developers use static analysis tools to find bugs?},
  Year = {2013} 
  },


@article{Yue13,
  Acmid = {2460386},
  Address = {New York, NY, USA},
  Articleno = {7},
  Author = {Yue, Chuan and Wang, Haining},
  Date-Added = {2014-10-11 22:39:44 +0000},
  Date-Modified = {2014-10-11 22:40:06 +0000},
  Doi = {10.1145/2460383.2460386},
  Issn = {1559-1131},
  Issue_Date = {May 2013},
  Journal = {ACM Trans. Web},
  Keywords = {AST tree matching, JavaScript, Web engineering, execution-based measurement, same origin policy, security},
  Month = may,
  Number = {2},
  Numpages = {39},
  Pages = {7:1--7:39},
  Publisher = {ACM},
  Title = {A Measurement Study of Insecure Javascript Practices on the Web},
  Volume = {7},
  Year = {2013}
  },


@inproceedings{Huang12,
  Acmid = {2362815},
  Address = {Berkeley, CA, USA},
  Author = {Huang, Lin-Shung and Moshchuk, Alex and Wang, Helen J. and Schechter, Stuart and Jackson, Collin},
  Booktitle = {Proceedings of the 21st USENIX Conference on Security Symposium},
  Date-Added = {2014-10-11 22:03:07 +0000},
  Date-Modified = {2014-10-11 23:46:58 +0000},
  Keywords = {Clickjacking},
  Location = {Bellevue, WA},
  Numpages = {1},
  Pages = {22--22},
  Publisher = {USENIX Association},
  Series = {Security'12},
  Title = {Clickjacking: Attacks and Defenses},
  Year = {2012}
  },


@book{hoglund2004exploiting,
  title={Exploiting software: how to break code},
  author={Hoglund, Greg and McGraw, Gary},
  year={2004},
  publisher={Pearson Education India}
},


 @inproceedings{akhawe2010towards,
  title={Towards a formal foundation of web security},
  author={Akhawe, Devdatta and Barth, Adam and Lam, Peifung E and Mitchell, John and Song, Dawn},
  booktitle={Computer Security Foundations Symposium (CSF), 2010 23rd IEEE},
  pages={290--304},
  year={2010},
  organization={IEEE}
},

@inproceedings{li2014modeling,
  title={Modeling and applying security patterns using contextual goal models},
  author={Li, Tong and Mylopoulos, John},
  booktitle={The 7th International i* Workshop, iStar14},
  year={2014}
},

@inproceedings{compagna2007capture,
  title={How to capture, model, and verify the knowledge of legal, security, and privacy experts: a pattern-based approach},
  author={Compagna, Luca and Khoury, Paul El and Massacci, Fabio and Thomas, Reshma and Zannone, Nicola},
  booktitle={Proceedings of the 11th international conference on Artificial intelligence and law},
  pages={149--153},
  year={2007},
  organization={ACM}
},

@inproceedings{weinberger2011towards,
  title={Towards Client-side HTML Security Policies.},
  author={Weinberger, Joel and Barth, Adam and Song, Dawn},
  booktitle={HotSec},
  year={2011}
},


@book{Microsoft03,
  Author = {J.D. Meier and Alex Mackman and Michael Dunner and Srinath Vasireddy and Ray Escamilla and Anandha Murukan},
  Date-Added = {2014-10-12 16:24:10 +0000},
  Date-Modified = {2014-10-12 16:29:07 +0000},
  Institution = {Microsoft Corporation},
  Month = {September},
  Publisher = {Microsoft Press},
  Title = {Improving Web Application Security: Threats and Countermeasures},
  Year = {2003}
  },

@article{Rubin98,
  Author = {Rubin, A.D. and Geer, D.E.},
  Date-Added = {2014-10-12 15:29:47 +0000},
  Date-Modified = {2014-10-12 15:29:59 +0000},
  Doi = {10.1109/2.708448},
  Issn = {0018-9162},
  Journal = {Computer},
  Keywords = {Internet;client-server systems;computer network management;data privacy;security of data;Web environment;Web functionality;Web security issues;data transfer;internationally connected user network;location irrelevance;mobile code;reliability;retrofitting;security concerns;security methods;server security;statelessness;stranger-to-stranger communication;user mobility;user privacy;Availability;Cryptography;Data privacy;Data security;Disaster management;File servers;Information security;Mobile communication;Telecommunication network reliability;Web server},
  Month = {Sept},
  Number = {9},
  Pages = {34-41},
  Title = {A survey of Web security},
  Volume = {31},
  Year = {1998}
  },


@article{Salini12,
  Author = {P.Salini and S. Kanmani},
  Date-Added = {2014-10-12 14:41:28 +0000},
  Date-Modified = {2014-10-12 14:42:25 +0000},
  Doi = {http://dx.doi.org/10.1016/j.proeng.2012.06.328},
  Issn = {1877-7058},
  Journal = {Procedia Engineering},
  Keywords = {Security Requirements Engineering; Web Applications},
  Number = {0},
  Pages = {2799 - 2807},
  Title = {Security Requirements Engineering Process for Web Applications},
  Volume = {38},
  Year = {2012},
  Bdsk-Url-1 = {http://dx.doi.org/10.1016/j.proeng.2012.06.328}
  },


@inproceedings{Rydstedt10,
  Author = {Gustav Rydstedt and Elie Bursztein and Dan Boneh and Collin Jackson},
  Booktitle = {IEEE Oakland Web 2.0 Security and Privacy Workshop},
  Date-Added = {2014-10-12 14:05:59 +0000},
  Date-Modified = {2014-10-13 20:34:14 +0000},
  Keywords = {clickjacking},
  Pages = {6},
  Title = {Busting frame busting: a study of clickjacking vulnerabilities at popular sites},
  Year = {2010}
  },

@techreport{Kienzle01,
  Author = {Darrel M. Kienzle and Mattew C. Elder},
  Date-Added = {2014-10-12 13:56:56 +0000},
  Date-Modified = {2014-10-13 20:27:30 +0000},
  Institution = {{DARPA Contract \# F30602-01-C-0164}},
  Keywords = {security patterns},
  Title = {Security Patterns for Web Application Development},
  Type = {Technical Report},
  Year = {2001}
  },



